@online{moore_law,
	title = {Beginner’s Guide to Moore’s Law},
	url = {https://medium.com/@csoham358/beginners-guide-to-moore-s-law-3e00dd8b5057},
    urldate = {2021-07-01},
    author = {Soham Chatterjee},

}